<?xml version="1.0" encoding="UTF-8"?><collection xmlns="http://www.loc.gov/MARC21/slim"><record><leader>00466nam--2200157-i-4500</leader><controlfield tag="001">000000027</controlfield><controlfield tag="002">20161230</controlfield><controlfield tag="005">20170118130618</controlfield><controlfield tag="008">060222s1000------------r-----000-0-eng-d</controlfield><datafield ind1=" " ind2=" " tag="100"><subfield code="a">Shang-keng, Ma</subfield></datafield><datafield ind1=" " ind2=" " tag="245"><subfield code="a">Modern Theory of Critical Phenomena</subfield><subfield code="c">Ma Shang-Keng</subfield></datafield><datafield ind1=" " ind2=" " tag="260"><subfield code="a">London</subfield><subfield code="b">W.A.Benjamin, Incorporation</subfield><subfield code="c">1976</subfield></datafield><datafield ind1=" " ind2=" " tag="300"><subfield code="a">XXIX + 561P</subfield></datafield><datafield ind1=" " ind2=" " tag="490"><subfield code="a">Frontiers in Physics : A Lecture Note and Reprint Series</subfield></datafield><datafield ind1=" " ind2=" " tag="852"><subfield code="a">77604</subfield></datafield><datafield ind1=" " ind2=" " tag="CAT"><subfield code="a">SYS</subfield><subfield code="c">20170118</subfield><subfield code="h">130618</subfield></datafield></record></collection>